@article{acred_hunt_2014-1,
  title	       = {A simplified mathematical approach for modelling
                  stack ventilation in multi-compartment buildings},
  author       = {Acred A. and Hunt, G.R.},
  journal      = {Building and Environment},
  volume       = {71},
  pages	       = {121--130},
  year	       = {2014},
  publisher    = {PERGAMON-ELSEVIER SCIENCE LTD},
  doi	       = {10.1016/j.buildenv.2013.09.004}
}

@article{acred_hunt_2014-2,
  title	       = {Stack ventilation in multi-storey atrium buildings:
                  A dimensionless design approach},
  author       = {Acred A. and Hunt, G.R.},
  journal      = {Building and Environment},
  volume       = {72},
  pages	       = {44--52},
  year	       = {2014},
  publisher    = {PERGAMON-ELSEVIER SCIENCE LTD},
  doi	       = {j.buildenv.2013.10.007}
}

@article{adrian_2005,
  title	       = {Twenty years of particle image velocimetry},
  author       = {Adrian, R.J.},
  journal      = {Experiments in fluids},
  volume       = {39},
  number       = {2},
  pages	       = {159--169},
  year	       = {2005},
  publisher    = {Springer},
  doi	       = {10.1007/s00348-005-0991-7}
}

@article{audouin_2000,
  title	       = {New estimation of the thermal interface height in
                  forced-ventilation enclosure fires},
  author       = {Audouin, L. and Tourniaire, B.},
  journal      = {Fire Safety Science},
  volume       = {6},
  pages	       = {555--566},
  year	       = {2000},
  doi	       = {10.3801/IAFSS.FSS.6-555}
}

@article{audouin_rigollet_2013,
  title	       = {OECD PRISME project: Fires in confined and
                  ventilated nuclear-type multi-compartments -
                  Overview and main experimental results},
  author       = {L. Audouin and L. Rigollet and H. Prétrel and W. Le
                  Saux and M. Röwekamp},
  journal      = {Fire Safety Journal},
  volume       = {62},
  pages	       = {80--101},
  year	       = {2013},
  doi	       = {10.1016/j.firesaf.2013.07.008}
}

@Book{babik_lapuerta_2007,
  title	       = {Modélisation et études numériques des incendies en
                  milieu confiné et ventilé: le logiciel {ISIS}},
  author       = {Babik, F. and Lapuerta, C. and Latch, J.C. and
                  Suard, S. and Vola, D.},
  year	       = {2007}
}

@article{babrauskas_1983,
  title	       = {Estimating large pool fire burning rates},
  author       = {Babrauskas, V.},
  journal      = {Fire technology},
  volume       = {19},
  number       = {4},
  pages	       = {251--261},
  year	       = {1983},
  publisher    = {Springer},
  doi	       = {10.1007/BF02380810}
}

@article{baines_turner_1969,
  title	       = {Turbulent buoyant convection from a source in a
                  confined region},
  author       = {Baines, W.D. and Turner, J.S.},
  journal      = {Journal of Fluid mechanics},
  volume       = {37},
  number       = {1},
  pages	       = {51--80},
  year	       = {1969},
  publisher    = {Cambridge University Press},
  doi	       = {10.1017/S0022112069000413}
}

@inproceedings{becerra_2018,
  title =	 {Flow behaviour of the exchange flow through a
                  ceiling vent in natural convection: A numerical
                  approach using CALIF3S-ISIS CFD software},
  author =	 {Becerra Barrios, P. and Pretrel, H. and Vaux, S. and
                  Vauquelin, O.},
  booktitle =	 {Journal of Physics: Conference Series},
  volume =	 {1107},
  number =	 {4},
  pages =	 {042019},
  year =	 {2018},
  organization = {IOP Publishing},
  doi =		 {10.1088/1742-6596/1107/4/042019}
}

@article{bhattacharya_2016,
  title	       = {Stereo-particle image velocimetry uncertainty
                  quantification},
  author       = {Bhattacharya, S. and Charonko, J.J. and Vlachos,
                  P.P.},
  journal      = {Measurement Science and Technology},
  volume       = {28},
  number       = {1},
  pages	       = {015301},
  year	       = {2016},
  publisher    = {IOP Publishing},
  doi	       = {10.1088/1361-6501/28/1/015301}
}

@book{boutier_2012,
  title =	 {Vélocimétrie laser pour la mécanique des fluides},
  author =	 {Boutier, A.},
  isbn =	 {978-2-7462-3821-3},
  year =	 {2012},
  publisher =	 {Hermes Science - Lavoisier}
}

@article{bower_caulfield_2008,
  title	       = {Transient ventilation dynamics following a change in
                  strength of a point source of heat},
  author       = {Bower, D. and Caulfield, C. and Fitzgerald, S. and
                  Woods, A.W.},
  journal      = {Journal of Fluid Mechanics},
  volume       = {614},
  pages	       = {15--37},
  year	       = {2008},
  publisher    = {Cambridge University Press},
  doi	       = {10.1017/S0022112008003479}
}

@article{brown_1962,
  title	       = {Natural convection through rectangular openings in
                  partitions -- 2},
  author       = {Brown, W.G.},
  journal      = {International Journal of Heat and Mass Transfer},
  year	       = {1962},
  volume       = {5},
  number       = {9},
  pages	       = {869--878},
  publisher    = {},
  doi	       = {10.1016/0017-9310(62)90185-0}
}

@article{bryant_2009,
  title	       = {The application of stereoscopic PIV to measure the
                  flow of air into an enclosure containing a fire},
  author       = {Bryant, R.A.},
  journal      = {Experiments in Fluids},
  volume       = {47},
  number       = {2},
  pages	       = {295--308},
  year	       = {2009},
  publisher    = {Springer},
  doi	       = {10.1007/s00348-009-0656-z}
}

@article{cao_dai_liu_2016,
  title	       = {Building energy-consumption status worldwide and the
                  state-of-the-art technologies for zero-energy
                  buildings during the past decade},
  author       = {Cao, X. and Dai, X. and Liu, J.},
  journal      = {Energy and buildings},
  volume       = {128},
  pages	       = {198--213},
  year	       = {2016},
  publisher    = {Elsevier},
  doi	       = {10.1016/j.enbuild.2016.06.089}
}

@article{chenvidyakarn_woods_2008,
  title =	 {On underfloor air-conditioning of a room containing
                  a distributed heat source and a localised heat
                  source},
  author =	 {Chenvidyakarn, T. and Woods, A.W.},
  journal =	 {Energy and Buildings},
  volume =	 {40},
  number =	 {7},
  pages =	 {1220--1227},
  year =	 {2008},
  publisher =	 {Elsevier},
  doi =		 {10.1016/j.enbuild.2007.11.001}
}

@article{chow_li_2011,
  title	       = {On the bidirectional flow across an atrium ceiling
                  vent},
  author       = {Chow, W.K. and Li, J.},
  journal      = {Building and environment},
  volume       = {46},
  number       = {12},
  pages	       = {2598--2602},
  year	       = {2011},
  publisher    = {Elsevier},
  doi	       = {10.1016/j.buildenv.2011.06.018}
}

@article{coffey_hunt_2010,
  title	       = {The unidirectional emptying box},
  author       = {Coffey, C.J. and Hunt, G.R.},
  journal      = {Journal of Fluid Mechanics},
  volume       = {660},
  pages	       = {456--474},
  year	       = {2010},
  publisher    = {Cambridge University Press},
  doi	       = {10.1017/S0022112010002739}
}


@article{conover_kumar_1995,
  title	       = {Buoyant pulsating exchange flow through a vent},
  author       = {Conover, T.A. and Kumar, R. and Kapat, J.S.},
  journal      = {Journal of Heat Transfer},
  volume       = {117},
  number       = {3},
  pages	       = {641--648},
  year	       = {1995},
  publisher    = {American Society of Mechanical Engineers},
  doi	       = {10.1115/1.2822625}
}

@article{coomaraswamy_caulfield_2011,
  title	       = {Time-dependent ventilation flows driven by opposing
                  wind and buoyancy},
  author       = {Coomaraswamy, I.A. and Caulfield, C.P.},
  journal      = {Journal of Fluid Mechanics},
  volume       = {672},
  pages	       = {33--59},
  year	       = {2011},
  publisher    = {Cambridge University Press},
  doi	       = {10.1017/S0022112010005847}
}

@article{cooper_1982,
  title	       = {An experimental study of upper hot layer
                  stratification in full-scale multiroom fire
                  scenarios},
  author       = {Cooper, L.Y. and Harkleroad, M. and Quintiere,
                  J. and Rinkinen, W.},
  journal      = {Journal of Heat Transfer},
  volume       = {104},
  number       = {4},
  pages	       = {741--749},
  year	       = {1982},
  publisher    = {American Society of Mechanical Engineers},
  doi	       = {10.1115/1.3245194}
}

@techreport{cooper_1989,
  title	       = {Calculation of the flow through a horizontal
                  ceiling/floor vent},
  author       = {Cooper, L.Y.},
  year	       = {1989},
  institution  = {National Institute of Standards and Technology},
  type	       = {NISTR},
  number       = {89-4052}
}

@article{cooper_1995,
  title	       = {Combined buoyancy and pressure-driven flow through a
                  shallow, horizontal, circular vent},
  author       = {Cooper, L.Y.},
  journal      = {Journal of Heat Transfer},
  volume       = {117},
  number       = {3},
  pages	       = {659--667},
  year	       = {1995},
  publisher    = {American Society of Mechanical Engineers},
  doi	       = {10.1115/1.2822627}
}

@article{cooper_1996,
  title	       = {Calculating combined buoyancy-and pressure-driven
                  flow through a shallow, horizontal, circular vent:
                  application to a problem of steady burning in a
                  ceiling-vented enclosure},
  author       = {Cooper, L.Y.},
  journal      = {Fire Safety Journal},
  volume       = {27},
  number       = {1},
  pages	       = {23--35},
  year	       = {1996},
  publisher    = {Elsevier},
  doi	       = {10.1016/S0379-7112(96)00041-0},
}

@article{cooper_hunt_2010,
  title	       = {The ventilated filling box containing a vertically
                  distributed source of buoyancy},
  author       = {Cooper, P. and Hunt, G.R.},
  journal      = {Journal of Fluid Mechanics},
  volume       = {646},
  pages	       = {39–-58},
  year	       = {2010},
  publisher    = {Cambridge University Press},
  doi	       = {10.1017/S0022112009992734}
}

@article{cooper_linden_1996,
  title	       = {Natural ventilation of an enclosure containing two
                  buoyancy sources},
  author       = {Cooper, P. and Linden, P.F.},
  journal      = {Journal of Fluid Mechanics},
  volume       = 311,
  pages	       = {153--176},
  year	       = 1996,
  publisher    = {Cambridge University Press},
  doi	       = {10.1017/S0022112096002546}
}

@misc{doe_2011,
  title	       = {Buildings Energy Data Book},
  author       = {{US Department of Energy}},
  year	       = {2011},
  publisher    = {Author Washington, DC}
}

@book{drysdale_2011,
  title	       = {An introduction to fire dynamics},
  author       = {Drysdale, D.},
  year	       = {2011},
  edition      = {3},
  publisher    = {John Wiley \& Sons}
}

@article{emmons_1983,
  title	       = {The calculation of a fire in a large building},
  author       = {Emmons, H.W.},
  journal      = {Journal of Heat Transfer},
  volume       = {105},
  number       = {1},
  pages	       = {151--158},
  year	       = {1983},
  publisher    = {American Society of Mechanical Engineers},
  doi	       = {10.1115/1.3245534}
}

@inproceedings{emmons_1996,
  title	       = {A universal orifice flow formula},
  author       = {Emmons, H.W.},
  booktitle    = {Thirteenth Meeting of the UNJR Panel of Fire
                  Research and Safety},
  volume       = {1},
  pages	       = {229--236},
  year	       = {1996}
}

@article{emmons_2002,
  title	       = {Vent flows},
  author       = {Emmons, H.W.},
  journal      = {The SFPE Handbook of Fire protection Engineering,
                  NFPA},
  pages	       = {32--41},
  year	       = {2002}
}

@article{epstein_1988,
  title	       = {Buoyancy-driven exchange flow through small openings
                  in horizontal partitions},
  author       = {Epstein, M.},
  journal      = {Journal of Heat Transfer},
  volume       = {110},
  number       = {4a},
  pages	       = {885--893},
  year	       = {1988},
  publisher    = {American Society of Mechanical Engineers},
  doi	       = {10.1115/1.3250589}
}

@article{epstein_kenton_1989,
  title	       = {Combined natural convection and forced flow through
                  small openings in a horizontal partition, with
                  special reference to flows in multicompartment
                  enclosures},
  author       = {Epstein, M. and Kenton, M.A.},
  journal      = {Journal of Heat Transfer},
  volume       = {111},
  number       = {4},
  pages	       = {980--987},
  year	       = {1989},
  publisher    = {American Society of Mechanical Engineers},
  doi	       = {10.1115/1.3250814}
}

@article{etheridge_2015,
  title	       = {A perspective on fifty years of natural ventilation
                  research},
  author       = {Etheridge, D.},
  journal      = {Building and Environment},
  volume       = {91},
  pages	       = {51--60},
  year	       = {2015},
  publisher    = {Elsevier},
  doi	       = {10.1016/j.buildenv.2015.02.033 }
}

@phdthesis{ezzamel_2011,
  title	       = {Free and confined buoyant flows},
  author       = {Ezzamel, A.},
  year	       = {2011},
  school       = {Imperial College London and {\'E}cole Centrale de
                  Lyon}
}

@article{faure_leroux_2012,
  title =	 {Time dependent flows in displacement ventilation
                  considering the volume envelope heat transfers},
  author =	 {Faure, X. and Le Roux, N.},
  journal =	 {Building and Environment},
  volume =	 {50},
  pages =	 {221--230},
  year =	 {2012},
  publisher =	 {Elsevier},
  doi =		 {10.1016/j.buildenv.2011.11.007}
}

@article{fitzgerald_woods_2007,
  title	       = {Transient natural ventilation of a room with a
                  distributed heat source},
  author       = {Fitzgerald, S.D. and Woods, A.W.},
  journal      = {Journal of Fluid Mechanics},
  volume       = {591},
  pages	       = {21--42},
  year	       = {2007},
  publisher    = {Cambridge University Press},
  doi	       = {10.1017/S0022112007007598}
}

@article{giachetti_couton_plourde_2016,
  title	       = {Smoke spreading analysis from an experimental subway
                  scale model},
  author       = {Giachetti, B. and Couton, D. and Plourde, F.},
  journal      = {Fire Safety Journal},
  volume       = {86},
  pages	       = {75--82},
  year	       = {2016},
  publisher    = {Elsevier},
  doi	       = {10.1016/j.firesaf.2016.10.001}
}

@article{gladstone_woods_2001,
  title	       = {On buoyancy-driven natural ventilation of a room
                  with a heated floor},
  author       = {Gladstone, C. and Woods, A.W.},
  journal      = {Journal of fluid mechanics},
  volume       = {441},
  pages	       = {293--314},
  year	       = {2001},
  publisher    = {Cambridge University Press},
  doi	       = {10.1017/S0022112001004876}
}

@article{harrison_spall_2003,
  title	       = {The effects of partition thickness on buoyant
                  exchange flow through a horizontal opening},
  author       = {Harrison, R.P. and Spall, R.E.},
  journal      = {Numerical Heat Transfer: Part A: Applications},
  volume       = {44},
  number       = {5},
  pages	       = {451--462},
  year	       = {2003},
  publisher    = {Taylor \& Francis},
  doi	       = {10.1080/713838255}
}

@article{he_1997,
  title	       = {On experimental data reduction for zone model
                  validation},
  author       = {He, Y.},
  journal      = {Journal of Fire Sciences},
  volume       = {15},
  number       = {2},
  pages	       = {144--161},
  year	       = {1997},
  publisher    = {Sage Publications Sage CA: Thousand Oaks, CA},
  doi	       = {10.1177/073490419701500205}
}

@article{he_1998,
  title	       = {Determination of interface height from measured
                  parameter profile in enclosure fire experiment},
  author       = {He, Y. and Fernando, A. and Luo, M.},
  journal      = {Fire Safety Journal},
  volume       = {31},
  number       = {1},
  pages	       = {19--38},
  year	       = {1998},
  publisher    = {Elsevier},
  doi	       = {10.1016/S0379-7112(97)00064-7}
}

@article{he_2015,
  title	       = {Ventilation limited extinction of fires in ceiling
                  vented compartments},
  author       = {He, Q. and Ezekoye, O. and Li, C. and Lu, S.},
  journal      = {International Journal of Heat and Mass Transfer},
  volume       = {91},
  pages	       = {570--583},
  year	       = {2015},
  publisher    = {Elsevier},
  doi	       = {10.1016/j.ijheatmasstransfer.2015.07.080}
}

@article{heskestad_1991,
  title	       = {Inflow of air required at wall and ceiling apertures
                  to prevent escape of fire smoke},
  author       = {Heskestad, G. and Spaulding, R.D.},
  journal      = {Fire Safety Science},
  volume       = {3},
  pages	       = {919--928},
  year	       = {1991}
}

@incollection{heskestad_2016,
  title	       = {Fire plumes, flame height, and air entrainment},
  author       = {Heskestad, G.},
  booktitle    = {SFPE Handbook of fire protection engineering},
  pages	       = {396--428},
  year	       = {2016},
  publisher    = {Springer}
}

@inproceedings{holford_hunt_2001,
  title	       = {The dependence of the discharge coefficient on
                  density contrast--experimental measurements},
  author       = {Holford, J.M. and Hunt, G.R.},
  booktitle    = {Proceedings 14th Australasian Fluid Mechanics
                  Conference (ed. BB Dally)},
  pages	       = {123--126},
  year	       = {2001}
}

@article{holford_hunt_2003,
  title	       = {Fundamental atrium design for natural ventilation},
  author       = {Holford, J.M. and Hunt, G.R.},
  journal      = {Building and Environment},
  volume       = {38},
  number       = {3},
  pages	       = {409--426},
  year	       = {2003},
  publisher    = {Elsevier},
  doi	       = {10.1016/S0360-1323(02)00019-7}
}

@article{horvath_2012,
  title	       = {Large-Scale Particle Image Velocimetry on a
                  full-scale pool fire},
  author       = {Horvath, I. and van Beeck, J. and Buchlin, J-M},
  journal      = {16th Int Symp on Applications of Laser Techniques to
                  Fluid Mechanics},
  year	       = {2012}
}

@article{hunt_coffey_2010,
  title	       = {Emptying boxes-classifying transient natural
                  ventilation flows},
  author       = {Hunt, G.R. and Coffey, C.J.},
  journal      = {Journal of Fluid Mechanics},
  volume       = {646},
  pages	       = {137--168},
  year	       = {2010},
  publisher    = {Cambridge University Press},
  doi	       = {10.1017/S0022112009993028}
}

@inproceedings{hunt_holford_2000,
  title	       = {The discharge coefficient--experimental measurement
                  of a dependence on density contrast},
  author       = {Hunt, G.R. and Holford, J.M.},
  booktitle    = {Proc. 21st AIVC Conference, The Hague, Netherlands},
  year	       = {2000}
}

@inproceedings{hunt_linden_1998,
  title =	 {Time-dependent displacement ventilation caused by
                  variations in internal heat gains: application to a
                  lecture theatre},
  author =	 {Hunt, G.R. and Linden, P.F.},
  booktitle =	 {Proceedings of ROOMVENT 98 the 6th International
                  Conference on Air Distribution in Rooms},
  volume =	 {2},
  pages =	 {203--210},
  year =	 {1998}
}

@article{hunt_linden_1999,
  title	       = {The fluid mechanics of natural
                  ventilation—displacement ventilation by
                  buoyancy-driven flows assisted by wind},
  author       = {Hunt, G.R. and Linden, P.F.},
  journal      = {Building and Environment},
  volume       = {34},
  number       = {6},
  pages	       = {707--720},
  year	       = {1999},
  publisher    = {Elsevier},
  doi	       = {10.1016/S0360-1323(98)00053-5}
}

@article{hunt_linden_2001,
  title =	 {Steady-state flows in an enclosure ventilated by
                  buoyancy forces assisted by wind},
  author =	 {Hunt, G.R. and Linden, P.F.},
  journal =	 {Journal of Fluid Mechanics},
  volume =	 {426},
  pages =	 {355--386},
  year =	 {2001},
  publisher =	 {Cambridge University Press},
  doi =		 {10.1017/S0022112000002470}
}

@article{hunt_linden_2005,
  title	       = {Displacement and mixing ventilation driven by
                  opposing wind and buoyancy},
  author       = {Hunt, G.R. and Linden, P.F.},
  journal      = {Journal of Fluid Mechanics},
  volume       = {527},
  pages	       = {27--55},
  year	       = {2005},
  publisher    = {Cambridge University Press},
  doi	       = {10.1017/S0022112004002575}
}

@Book{isis_2014,
  title	       = {ISIS 4.0.0 Physical Modelling},
  author       = {IRSN},
  year	       = {2014}
}

@article{jaluria_1995,
  title	       = {Flow of smoke and hot gases across horizontal vents
                  in room fires},
  author       = {Jaluria, Y. and Chiu, W.K.S. and Lee, SH-K.},
  journal      = {Combustion science and technology},
  volume       = {110},
  number       = {1},
  pages	       = {197--208},
  year	       = {1995},
  publisher    = {Taylor \& Francis},
  doi	       = {10.1080/00102209508951923}
}

@article{janssens_1992,
  title	       = {Data reduction of room tests for zone model
                  validation},
  author       = {Janssens, M. and Tran, H.C.},
  journal      = {Journal of Fire Sciences},
  volume       = {10},
  number       = {6},
  pages	       = {528--555},
  year	       = {1992},
  publisher    = {Sage Publications Sage CA: Thousand Oaks, CA},
  doi	       = {10.1177/073490419201000604}
}

@book{joseph_1993,
  title	       = {Fundamentals of Two-Fluid Dynamics, Part II:
                  Lubricated Transport, Drops and Miscible Liquids},
  author       = {Joseph, D.D. and Renardy, Y.Y.},
  volume       = {4},
  year	       = {1993},
  publisher    = {Springer Science \& Business Media},
  doi	       = {10.1007/978-1-4615-7061-5}
}

@book{karlsson_1999,
  title	       = {Enclosure fire dynamics},
  author       = {Karlsson, B. and Quintiere, J.G.},
  year	       = {1999},
  publisher    = {CRC press}
}

@article{kaye_hunt_2004,
  title	       = {Time-dependent flows in an emptying filling box},
  author       = {Kaye, N.B. and Hunt, G.R.},
  journal      = {Journal of Fluid Mechanics},
  volume       = {520},
  pages	       = {135--156},
  year	       = {2004},
  publisher    = {Cambridge University Press},
  doi	       = {10.1017/S0022112004001156}
}

@article{kaye_hunt_2007,
  title	       = {Overturning in a filling box},
  author       = {Kaye, N.B. and Hunt, G.R.},
  journal      = {Journal of Fluid Mechanics},
  volume       = {576},
  pages	       = {297--323},
  year	       = {2007},
  publisher    = {Cambridge University Press},
  doi	       = {10.1017/S0022112006004435}
}

@article{kaye_hunt_2007_smoke,
  title	       = {Smoke filling time for a room due to a small fire:
                  the effect of ceiling height to floor width aspect
                  ratio},
  author       = {Kaye, N.B. and Hunt, G.R.},
  journal      = {Fire safety journal},
  volume       = {42},
  number       = {5},
  pages	       = {329--339},
  year	       = {2007},
  publisher    = {Elsevier},
  doi	       = {10.1016/j.firesaf.2006.12.003}
}

@article{kaye_hunt_2010,
  title	       = {The effect of floor heat source area on the induced
                  airflow in a room},
  author       = {Kaye, N.B. and Hunt, G.R.},
  journal      = {Building and Environment},
  volume       = {45},
  number       = {4},
  pages	       = {839--847},
  year	       = {2010},
  publisher    = {Elsevier},
  doi	       = {10.1016/j.buildenv.2009.09.002}
}

@article{keane_1992,
  title =	 {Theory of cross-correlation analysis of PIV images},
  author =	 {Keane, R.D. and Adrian, R.J.},
  journal =	 {Applied scientific research},
  volume =	 {49},
  number =	 {3},
  pages =	 {191--215},
  year =	 {1992},
  publisher =	 {Springer},
  doi =		 {10.1007/BF00384623}
}

@article{koched_2016,
  title	       = {Experimental determination of the discharge flow
                  coefficient at a doorway for fire induced flow in
                  natural and mixed convection},
  author       = {Koched, A. and Pretrel, H. and Vauquelin, O. and
                  Audouin, L.},
  journal      = {Fire and Materials},
  volume       = {40},
  number       = {1},
  pages	       = {114--128},
  year	       = {2016},
  publisher    = {Wiley Online Library},
  doi	       = {10.1002/fam.2272}
}

@article{lane-serff_sandbach_2012,
  title	       = {Emptying non-adiabatic filling boxes: the effects of
                  heat transfers on the fluid dynamics of natural
                  ventilation},
  author       = {Lane-Serff, G.F. and Sandbach, S.D.},
  journal      = {Journal of Fluid Mechanics},
  volume       = {701},
  pages	       = {386--406},
  year	       = {2012},
  publisher    = {Cambridge University Press},
  doi	       = {10.1017/jfm.2012.164}
}

@article{lapuerta_suard_2012,
  title	       = {Validation process of ISIS CFD software for fire
                  simulation},
  author       = {Lapuerta, C. and Suard, S. and Babik, F. and
                  Rigollet, L.},
  journal      = {Nuclear Engineering and Design},
  volume       = {253},
  pages	       = {367--373},
  year	       = {2012},
  doi	       = {10.1016/j.nucengdes.2011.09.068}
}

@phdthesis{li_2007,
  title	       = {Characteristics of buoyancy driven natural
                  ventilation through horizontal openings},
  author       = {Li, Z.},
  year	       = {2007},
  school       = {Aalborg University}
}

@article{lin_huang_2013,
  title =	 {A study on buoyancy-driven flows in two series-connected chambers},
  author =	 {Lin, Y.J.P. and Huang, J.J. and Li, J.S.},
  journal =	 {Experimental Thermal and Fluid Science},
  volume =	 {48},
  pages =	 {37--48},
  year =	 {2013},
  publisher =	 {Elsevier Science Inc},
  doi =		 {10.1016/j.expthermflusci.2013.02.006},
}

@article{linden_1999,
  title	       = {The fluid mechanics of natural ventilation},
  author       = {Linden, P.F.},
  journal      = {Annual review of fluid mechanics},
  volume       = {31},
  number       = {1},
  pages	       = {201--238},
  year	       = {1999},
  publisher    = {Annual Reviews 4139 El Camino Way, PO Box 10139,
                  Palo Alto, CA 94303-0139, USA},
  doi	       = {10.1146/annurev.fluid.31.1.201}
}

@article{linden_lane-serff_smeed_1990,
  title	       = {Emptying Filling Boxes: The Fluid Mechanics of
                  Natural Ventilation},
  author       = {Linden, P.F. and Lane-Serff, G.F. and Smeed, D.A.},
  volume       = {212},
  journal      = {Journal of Fluid Mechanics},
  year	       = {1990},
  pages	       = {309--335},
  publisher    = {Cambridge University Press},
  doi	       = {10.1017/S0022112090001987}
}

@article{mercer_thompson_1975,
  title	       = {An experimental investigation of some further
                  aspects of the buoyancy-driven exchange flow between
                  carbon dioxide and air following a depressurization
                  accident in a Magnox reactor},
  author       = {Mercer, A. and Thompson, H.},
  journal      = {Journal of the British Nuclear Energy Society},
  volume       = {14},
  number       = {4},
  pages	       = {327--334},
  year	       = {1975}
}

@phdthesis{michaux_2007,
  title	       = {Études sur la dynamique d'un panache massique en
                  champ libre et en milieu confiné
                  ventilé. Application à la simulation sur maquette
                  des feux en tunnels},
  author       = {Michaux, G.},
  year	       = {2007},
  school       = {Université de la Méditerranée-Aix-Marseille II}
}

@article{mishra_hasan_2008,
  title	       = {Two-dimensional buoyancy driven thermal mixing in a
                  horizontally partitioned adiabatic enclosure},
  author       = {Mishra, A. and Hasan, N. and Sanghi, S. and Kumar,
                  R.},
  journal      = {Physics of Fluids},
  volume       = {20},
  number       = {6},
  pages	       = {063601},
  year	       = {2008},
  publisher    = {American Institute of Physics},
  doi	       = {10.1063/1.2931567}
}

@article{morandini_2018,
  title	       = {Fire spread across a sloping fuel bed: Flame
                  dynamics and heat transfers},
  author       = {Morandini, F. and Silvani, X. and
                  Dupuy, J-L. and Susset, A.},
  journal      = {Combustion and Flame},
  volume       = {190},
  pages	       = {158--170},
  year	       = {2018},
  publisher    = {Elsevier},
  doi	       = {10.1016/j.combustflame.2017.11.025}
}

@article{morton_taylor_turner_1956,
  title	       = {Turbulent gravitational convection from maintained
                  and instantaneous sources},
  author       = {Morton, B.R. and Taylor, G.I. and Turner, J.S.},
  journal      = {Proceedings of the Royal Society of London. Series
                  A. Mathematical and Physical Sciences},
  volume       = 234,
  number       = 1196,
  pages	       = {1--23},
  year	       = 1956,
  publisher    = {The Royal Society London},
  doi	       = {10.1098/rspa.1956.0011}
}

@article{mott_woods_2012,
  title	       = {Quasi-steady states in natural displacement
                  ventilation driven by periodic gusting of wind},
  author       = {Mott, R.W. and Woods, A.W.},
  journal      = {Journal of Fluid Mechanics},
  volume       = {707},
  pages	       = {1--23},
  year	       = {2012},
  publisher    = {Cambridge University Press},
  doi	       = {10.1017/jfm.2012.230}
}

@article{nabi_flyn_2013,
  title	       = {The hydraulics of exchange flow between adjacent
                  confined building zones},
  author       = {Nabi, S. and Flynn, M.R.},
  journal      = {Building and Environment},
  volume       = {59},
  pages	       = {76--90},
  year	       = {2013},
  publisher    = {Elsevier},
  doi	       = {10.1016/j.buildenv.2012.08.009}
}

@article{nabi_flyn_2015,
  title	       = {Buoyancy-driven exchange flow between two adjacent
                  building zones connected with top and bottom vents},
  author       = {Nabi, S. and Flynn, M.R.},
  journal      = {Building and Environment},
  volume       = {92},
  pages	       = {278--291},
  year	       = {2015},
  publisher    = {Elsevier},
  doi	       = {10.1016/j.buildenv.2015.04.031}
}

@article{partridge_linden_2013,
  title	       = {Validity of thermally-driven small-scale ventilated
                  filling box models},
  author       = {Partridge, J.L. and Linden, P.F.},
  journal      = {Experiments in Fluids},
  volume       = {54},
  number       = {11},
  pages	       = {1613},
  year	       = {2013},
  publisher    = {Springer},
  doi	       = {10.1007/s00348-013-1613-4}
}

@article{partridge_linden_2017,
  title	       = {Steady flows in a naturally-ventilated enclosure
                  containing both a distributed and a localised source
                  of buoyancy},
  author       = {Partridge, J.L. and Linden, P.F.},
  journal      = {Building and Environment},
  volume       = {125},
  pages	       = {308--318},
  year	       = {2017},
  publisher    = {PERGAMON-ELSEVIER SCIENCE LTD},
  doi	       = {10.1016/j.buildenv.2017.08.023}
}

@article{peatross_1997,
  title	       = {Ventilation effects on compartment fire
                  characterization},
  author       = {Peatross, M.J. and Beyler, C.L.},
  journal      = {Fire Safety Science},
  volume       = {5},
  pages	       = {403--414},
  year	       = {1997},
  doi	       = {10.3801/IAFSS.FSS.5-403}
}

@article{pretrel_2015,
  title	       = {New developments in data regression methods for the
                  characterization of thermal stratification due to
                  fire},
  author       = {Pretrel, H. and Audouin, L.},
  journal      = {Fire Safety Journal},
  volume       = {76},
  pages	       = {54--64},
  year	       = {2015},
  publisher    = {Elsevier},
  doi	       = {10.1016/j.firesaf.2015.05.004}
}

@article{pretrel_2017,
  title	       = {Experimental study based on large-scale smoke
                  propagation fire tests through a horizontal opening
                  connecting two mechanically ventilated compartments},
  author       = {Pretrel, H. and Sayada, R. and Varrall, K. and
                  Audouin, L. and Vauquelin, O.},
  journal      = {Fire Safety Journal},
  volume       = {90},
  pages	       = {28--43},
  year	       = {2017},
  publisher    = {Elsevier},
  doi	       = {10.1016/j.firesaf.2017.02.007}
}

@article{pukelsheim_1994,
  title =	 {The three sigma rule},
  author =	 {Pukelsheim, Friedrich},
  journal =	 {The American Statistician},
  volume =	 {48},
  number =	 {2},
  pages =	 {88--91},
  year =	 {1994},
  publisher =	 {Taylor \& Francis Group},
  doi =		 {10.1080/00031305.1994.10476030}
}

@article{quintiere_1984,
  title	       = {An Assessment of Fire Induced Flows in Compartments},
  author       = {Quintiere, J.G. and Steckler, K. and Corley, D.},
  journal      = {Fire Science and Technology},
  volume       = {4},
  number       = {1},
  pages	       = {1--14},
  year	       = {1984},
  publisher    = {Center for Fire Science and Technology, NIST},
  doi	       = {10.3210/fst.4.1}
}

@book{raffel_2018,
  title	       = {Particle image velocimetry: a practical guide},
  author       = {Raffel, M. and Willert, C.E. and Scarano, F. and
                  K{\"a}hler, C.J. and Wereley, S.T. and Kompenhans,
                  J.},
  year	       = {2018},
  publisher    = {Springer},
  isbn	       = {978-3-319-68851-0},
  doi	       = {10.1007/978-3-319-68852-7}
}

@article{ricou_spalding_1961,
  title	       = {Measurements of entrainment by axisymmetrical
                  turbulent jets},
  author       = {Ricou, F.P. and Spalding, D.B.},
  journal      = {Journal of fluid mechanics},
  volume       = {11},
  number       = {1},
  pages	       = {21--32},
  year	       = {1961},
  publisher    = {Cambridge University Press},
  doi	       = {10.1017/S0022112061000834}
}

@article{rooney_linden_1996,
  title	       = {Similarity considerations for non-Boussinesq plumes
                  in an unstratified environment},
  author       = {Rooney, G.G. and Linden, P.F.},
  journal      = {Journal of fluid mechanics},
  volume       = {318},
  pages	       = {237--250},
  year	       = {1996},
  publisher    = {Cambridge University Press},
  doi	       = {10.1017/S0022112096007100}
}

@article{rooney_linden_1997,
  title	       = {Strongly Buoyant Plume Similarity and `small-Fire'
                  Ventilation},
  volume       = {29},
  number       = {4},
  journal      = {Fire Safety Journal},
  author       = {Rooney, G.G. and Linden, P.F.},
  year	       = {1997},
  pages	       = {235--258},
  publisher    = {Elsevier Science Ltd},
  doi	       = {10.1016/S0379-7112(97)00063-5}
}

@article{shrinivas_hunt_2014,
  title	       = {Transient ventilation dynamics induced by heat
                  sources of unequal strength},
  author       = {Shrinivas, A.B. and Hunt, G.R.},
  journal      = {Journal of Fluid Mechanics},
  volume       = {738},
  pages	       = {34--64},
  year	       = {2014},
  publisher    = {Cambridge University Press},
  doi	       = {10.1017/jfm.2013.579}
}

@article{sleiti_2008,
  title	       = {Effect of vent aspect ratio on unsteady laminar
                  buoyant flow through rectangular vents in large
                  enclosures},
  author       = {Sleiti, A.K.},
  journal      = {International Journal of Heat and Mass Transfer},
  volume       = {51},
  number       = {19},
  pages	       = {4850--4861},
  year	       = {2008},
  publisher    = {Elsevier},
  doi	       = {10.1016/j.ijheatmasstransfer.2008.02.027}
}


@article{spall_anderson_1999,
  title	       = {A numerical study of buoyant, pulsating exchange
                  flows through a vent in a thin horizontal partition},
  author       = {Spall, R.E. and Anderson, E.A.},
  journal      = {Numerical Heat Transfer: Part A: Applications},
  volume       = {36},
  number       = {3},
  pages	       = {263--272},
  year	       = {1999},
  publisher    = {Taylor \& Francis},
  doi	       = {10.1080/104077899274750}
}

@article{suard_koched_2015,
  title	       = {Numerical simulations of fire-induced doorway flows
                  in a small scale enclosure},
  author       = {Suard, S. and Koched, A. and Pretrel, H. and
                  Audouin, L.},
  journal      = {International Journal of Heat and Mass Transfer},
  volume       = {81},
  pages	       = {578--590},
  year	       = {2015},
  publisher    = {Elsevier},
  doi	       = {10.1016/j.ijheatmasstransfer.2014.10.069}
}

@article{suard_lapuerta_2011,
  title	       = {Verification and validation of a CFD model for
                  simulations of large-scale compartment fires},
  author       = {Suard, S. and Lapuerta, C. and Babik, F. and
                  Rigollet, L.},
  journal      = {Nuclear Engineering and Design},
  volume       = {241},
  number       = {9},
  pages	       = {3645 - 3657},
  year	       = {2011},
  doi	       = {10.1016/j.nucengdes.2011.08.012}
}

@book{tan_jaluria_1992,
  title	       = {Flow through horizontal vents as related to
                  compartment fire environments},
  author       = {Tan, Q. and Jaluria, Y.},
  year	       = {1992},
  publisher    = {National Institute of Standards and Technology,
                  Building and Fire Research Laboratory}
}

@article{tan_jaluria_1993,
  title	       = {Flow through a horizontal vent in an enclosure fire},
  author       = {Tan, Q. and Jaluria, Y.},
  journal      = {ASME-PUBLICATIONS-HTD},
  volume       = {199},
  pages	       = {115--115},
  year	       = {1993},
  publisher    = {American Society of Mechanical Engineers}
}

@article{tan_jaluria_2001,
  title	       = {Mass flow through a horizontal vent in an enclosure
                  due to pressure and density differences},
  author       = {Tan, Q. and Jaluria, Y.},
  journal      = {International Journal of Heat and Mass Transfer},
  volume       = {44},
  number       = {8},
  pages	       = {1543--1553},
  year	       = {2001},
  publisher    = {PERGAMON-ELSEVIER SCIENCE LTD},
  doi	       = {10.1016/S0017-9310(00)00198-8}
}

@article{than_1993,
  title	       = {Modeling fire behavior in an enclosure with a
                  ceiling vent},
  author       = {Than, Cheok-Fah and Savilonis, Brian J},
  journal      = {Fire safety journal},
  volume       = {20},
  number       = {2},
  pages	       = {151--174},
  year	       = {1993},
  publisher    = {Elsevier},
  doi	       = {10.1016/0379-7112(93)90035-O}
}

@article{thomas_1963,
  title	       = {Investigations into the flow of hot gases in roof
                  venting},
  author       = {Thomas, P.H. and Hinkley, P.L. and Theobald,
                  C.R. and Simms, D.L.},
  journal      = {Fire research technical paper},
  volume       = {7},
  year	       = {1963}
}

@article{utiskul_2005,
  title	       = {Compartment fire phenomena under limited
                  ventilation},
  author       = {Utiskul, Y. and Quintiere, J.G. and Rangwala,
                  A.S. and Ringwelski, B.A. and Wakatsuki, K. and
                  Naruse, T.},
  journal      = {Fire Safety Journal},
  volume       = {40},
  number       = {4},
  pages	       = {367--390},
  year	       = {2005},
  publisher    = {Elsevier},
  doi	       = {10.1016/j.firesaf.2005.02.002}
}

@phdthesis{utiskul_2006,
  title={Theoretical and experimental study on fully-developed compartment fires},
  author={Utiskul, Y.},
  year={2006}
}

@article{utiskul_2008,
  title	       = {An application of mass loss rate model with fuel
                  response effects in fully-developed compartment
                  fires},
  author       = {Utiskul, Y. and Quintiere, J.G.},
  journal      = {Fire Safety Science},
  volume       = {9},
  pages	       = {827--838},
  year	       = {2008},
  doi	       = {10.3801/IAFSS.FSS.9-827}
}

@article{varrall_2016,
  title	       = {Stereoscopic particle image velocimetry
                  investigation of the bidirectional natural
                  convection flow through a horizontal vent},
  author       = {Varrall, K. and Pretrel, H. and Vaux, S. and
                  Vauquelin, O.},
  journal      = {Fire Technology},
  volume       = {52},
  number       = {6},
  pages	       = {2027--2041},
  year	       = {2016},
  publisher    = {Springer},
  doi	       = {10.1007/s10694-016-0593-3}
}

@PhdThesis{varrall_2016_2,
  author       = {Varrall, K.},
  title	       = {Etude expérimentale de l'écoulement de convection
                  mixte à travers un orifice horizontal reliant deux
                  compartiments},
  school       = {Aix-Marseille Université},
  year	       = {2016}
}

@article{varrall_2017,
  title	       = {Stereoscopic particle image velocimetry
                  investigations of the mixed convection exchange flow
                  through a horizontal vent},
  author       = {Varrall, K. and Pretrel, H. and Vaux, S. and
                  Vauquelin, O.},
  journal      = {Experiments in Fluids},
  volume       = {58},
  number       = {10},
  pages	       = {151},
  year	       = {2017},
  publisher    = {Springer},
  doi	       = {10.1007/s00348-017-2434-7}
}

@article{varrall_2019,
  title	       = {Improvement of correlative approaches for mixed convective flow through a horizontal vent},
  author       = {Varrall, K. and Pretrel, H. and Vaux, S. and
                  Vauquelin, O.},
  journal      = {Journal of Heat Transfer},
  volume       = {141},
  number       = {3},
  pages	       = {034501},
  year	       = {2019},
  publisher    = {ASME},
  doi	       = {10.1115/1.4042330}
}

@article{vauquelin_2015,
  title	       = {Oscillatory behaviour in an emptying--filling box},
  author       = {Vauquelin, O.},
  journal      = {Journal of Fluid Mechanics},
  volume       = {781},
  pages	       = {712--726},
  year	       = {2015},
  publisher    = {Cambridge University Press},
  doi	       = {10.1017/jfm.2015.518}
}

@article{vauquelin_2017,
  title	       = {The discharge plume parameter $\Gamma_d$ andd its
                  implications for an emptying-filling box},
  author       = {Vauquelin, O. and Koutaiba, E.M. and Blanchard, E. and
                  Fromy, P.},
  journal      = {Journal of Fluid Mechanics},
  volume       = {817},
  pages	       = {171--182},
  year	       = {2017},
  publisher    = {Cambridge University Press},
  doi	       = {10.1017/jfm.2017.130}
}

@article{vauquelin_mehaddi_2017,
  title	       = {Non-Boussinesq experiments on natural ventilation in
                  a 2D semi-confined enclosure},
  author       = {Vauquelin, O. and Mehaddi, R. and Casal{\'e}, E. and
                  Val{\'e}rio, E.},
  journal      = {International Journal of Heat and Fluid Flow},
  volume       = {65},
  pages	       = {323--327},
  year	       = {2017},
  publisher    = {Elsevier},
  doi	       = {10.1016/j.ijheatfluidflow.2016.12.006}
}

@article{ward_1980,
  title={Internal Fluid Flow-The fluid dynamics of flow in pipes and ducts},
  author={Ward-Smith, A.J.},
  journal={Nasa Sti/recon Technical Report A},
  volume={81},
  year={1980}
}

@article{wieneke_2015,
  title	       = {PIV uncertainty quantification from correlation
                  statistics},
  author       = {Wieneke, Bernhard},
  journal      = {Measurement Science and Technology},
  volume       = {26},
  number       = {7},
  pages	       = {074002},
  year	       = {2015},
  publisher    = {IOP Publishing}
}

@article{worster_1983,
  title	       = {Time-dependent density profiles in a filling box},
  author       = {Worster, M.G. and Huppert, H.E.},
  journal      = {Journal of Fluid Mechanics},
  volume       = {132},
  pages	       = {457--466},
  year	       = {1983},
  publisher    = {Cambridge University Press},
  doi	       = {10.1017/S002211208300172X}
}

@article{xue_2015,
  title	       = {Particle image pattern mutual information and
                  uncertainty estimation for particle image
                  velocimetry},
  author       = {Xue, Z. and Charonko, J.J. and Vlachos, P.P.},
  journal      = {Measurement Science and Technology},
  volume       = {26},
  number       = {7},
  pages	       = {074001},
  year	       = {2015},
  publisher    = {IOP Publishing},
  doi	       = {10.1088/0957-0233/26/7/074001}
}

@manual{tsi_2014,
  title	       = {Insight 4G User's Guide},
  author       = {{TSI Incorporated}},
  edition      = {Revision B},
  year	       = {2014},
}

@inproceedings{coutin_2016,
  title	       = {Intermediate-scale controlled-atmosphere calorimeter
                  CADUCEE},
  author       = {Coutin, M. and Alibert, D. and Porterie, B.},
  booktitle    = {14th International Conference on Fire Science,
                  INTERFLAM},
  pages	       = {1433--1444},
  year	       = {2016},
}

@book{sfpe_2015,
  title	       = {SFPE Handbook of fire protection engineering},
  author       = {Hurley, M.J. and Gottuk, D.T. and Hall, J.R. and
                  Harada, K. and Kuligowski, E.D. and Puchovsky,
                  M. and Watts, J.M. and Wieczorek, C.},
  year	       = {2015},
  chapter      = {26},
  pages	       = {865},
  publisher    = {Springer}
}

@book{taylor_2000,
  title	       = {Incertitudes et analyse des erreurs dans les mesures
                  physiques},
  author       = {Taylor, John R},
  year	       = {2000},
  publisher    = {Editions Dunod}
}


@tecchreport{blinov_1961,
  title	       = {Diffusion burning of liquids},
  author       = {Blinov, V.I. and Khudyakov, G.N.},
  year	       = {1961},
  institution  = {Army Engineer Research and Development Labs Fort
                  Belvoir VA}
}

@article{hottel_1959,
  title	       = {Certain laws governing the diffusive burning of
                  liquids-A review},
  author       = {Hottel, Hoyt C},
  journal      = {Fire Res. Abs., Rev.},
  volume       = {1},
  pages	       = {41--44},
  year	       = {1959}
}

